% This file was created with JabRef 2.7.
% Encoding: UTF-8

@ARTICLE{bowman:reasoning,
  author = {Mic Bowman and Saumya K. Debray and Larry L. Peterson},
  title = {Reasoning About Naming Systems},
  journal = {ACM Trans. Program. Lang. Syst.},
  year = {1993},
  volume = {15},
  pages = {795-825},
  number = {5},
  month = {November}
}

@INPROCEEDINGS{clark:pct,
  author = {Malcolm Clark},
  title = {Post Congress Tristesse},
  booktitle = {TeX90 Conference Proceedings},
  year = {1991},
  pages = {84-89},
  month = {March},
  organization = {TeX Users Group}
}

@BOOK{Lamport:LaTeX,
  title = {LaTeX User's Guide and Document Reference Manual},
  publisher = {Addison-Wesley Publishing Company},
  year = {1986},
  author = {Leslie Lamport},
  address = {Reading, Massachusetts}
}

@BOOK{Lengyel2012,
  title = {Mathematics for 3D Game Programming and Computer Graphics},
  publisher = {Course Technology, Cengage Learning},
  year = {2012},
  author = {Lengyel, Eric},
  address = {Boston, MA},
  edition = {Third},
  isbn = {978-1-4354-5886-4}
}

@MISC{learningWebGL,
  author = {Giles Thomas},
  title = {Learning WebGL: The Lessons},
  howpublished = {Web Blog},
  owner = {linzhp},
  timestamp = {2012.03.17},
  url = {http://learningwebgl.com/blog/?page_id=1217}
}

@MISC{wiki:canvas,
  author = {Wikipedia},
  title = {Canvas element},
  note = {[Online; accessed Mar 17, 2012]},
  owner = {linzhp},
  timestamp = {2012.03.17},
  url = {http://en.wikipedia.org/wiki/Canvas_element}
}

@MISC{wiki:webgl,
  author = {Wikipedia},
  title = {WebGL},
  note = {[Online; accessed Mar 17, 2012]},
  owner = {linzhp},
  timestamp = {2012.03.17},
  url = {http://en.wikipedia.org/wiki/Webgl}
}

